<record><leader>00000cas a22000007a 4500</leader><controlfield tag="001">9710982</controlfield><controlfield tag="008">830718d18861891ksuwr ne      0   a0eng d</controlfield><controlfield tag="009">3770</controlfield><datafield ind1=" " ind2=" " tag="010"><subfield code="a">sn 83025631 </subfield></datafield><datafield ind1=" " ind2=" " tag="040"><subfield code="a">NPV</subfield><subfield code="b">eng</subfield><subfield code="c">NPV</subfield><subfield code="d">NPT</subfield><subfield code="d">NPI</subfield><subfield code="d">INP</subfield><subfield code="d">NVG</subfield></datafield><datafield ind1=" " ind2=" " tag="042"><subfield code="a">msc</subfield></datafield><datafield ind1=" " ind2=" " tag="043"><subfield code="a">n-us-ks</subfield></datafield><datafield ind1=" " ind2=" " tag="045"><subfield code="a">w7w9</subfield></datafield><datafield ind1=" " ind2=" " tag="052"><subfield code="a">4203</subfield><subfield code="b">C8</subfield></datafield><datafield ind1="0" ind2="4" tag="245"><subfield code="a">The American nonconformist and Kansas industrial liberator.</subfield></datafield><datafield ind1=" " ind2=" " tag="260"><subfield code="a">Winfield, Kan. :</subfield><subfield code="b">H. &amp; L. Vincent,</subfield><subfield code="c">1886-1891.</subfield></datafield><datafield ind1=" " ind2=" " tag="300"><subfield code="a">2 v.</subfield></datafield><datafield ind1=" " ind2=" " tag="310"><subfield code="a">Weekly</subfield></datafield><datafield ind1="0" ind2=" " tag="362"><subfield code="a">Vol. 7, no. 20 (Oct. 7, 1886)-v. 12, no. 13 (Sept. 3, 1891) = whole no. 332-whole no. 585.</subfield></datafield><datafield ind1=" " ind2=" " tag="752"><subfield code="a">United States</subfield><subfield code="b">Kansas</subfield><subfield code="c">Cowley</subfield><subfield code="d">Winfield.</subfield></datafield><datafield ind1="0" ind2="0" tag="780"><subfield code="t">American nonconformist (Tabor, Iowa)</subfield><subfield code="w">(DLC)sn 87057974</subfield></datafield><datafield ind1="0" ind2="0" tag="785"><subfield code="t">American nonconformist and national industrial liberator</subfield></datafield></record>